<collection xmlns="http://www.loc.gov/MARC21/slim">
<record>
  <leader>00234na 0a22000851i 450 </leader>
  <controlfield tag="001">IT\ICCU\CNCE\030711</controlfield>
  <controlfield tag="005">19980626000000.0</controlfield>
  <datafield tag="100" ind1=" " ind2=" ">
    <subfield code="a">19971128             0itac0103    ba</subfield>
  </datafield>
  <datafield tag="200" ind1="1" ind2=" ">
    <subfield code="a">Thesaurus novus enarrationum evangelicarum</subfield>
  </datafield>
  <datafield tag="801" ind1=" " ind2="3">
    <subfield code="a">IT</subfield>
    <subfield code="b">ICCU</subfield>
    <subfield code="c">20201114</subfield>
  </datafield>
</record>
</collection>
